

@article{ripke2013genome,
  author =        {Ripke, Stephan and O'Dushlaine, Colm and
                   Chambert, Kimberly and Moran, Jennifer L and
                   K{\"a}hler, Anna K and Akterin, Susanne and
                   Bergen, Sarah E and Collins, Ann L and
                   Crowley, James J and Fromer, Menachem and others},
  journal =       {Nature Genetics},
  publisher =     {Nature Publishing Group},
  title =         {Genome-wide association analysis identifies 13 new
                   risk loci for schizophrenia},
  year =          {2013},
}

@article{evangelou2013meta,
  author =        {Evangelou, Evangelos and Ioannidis, John PA},
  journal =       {Nature Reviews Genetics},
  number =        {6},
  pages =         {379--389},
  publisher =     {Nature Publishing Group},
  title =         {Meta-analysis methods for genome-wide association
                   studies and beyond},
  volume =        {14},
  year =          {2013},
}

@article{lee2011,
  author =        {Sang Hong Lee and Naomi R Wray and Michael E Goddard and
                   Peter M Visscher},
  institution =   {Queensland Institute of Medical Research, 300 Herston
                   Road, Herston, Queensland 4006, Australia.},
  journal =       {The American Journal of Human Genetics},
  month =         {Mar},
  number =        {3},
  pages =         {294--305},
  title =         {Estimating missing heritability for disease from
                   genome-wide association studies.},
  volume =        {88},
  year =          {2011},
  doi =           {10.1016/j.ajhg.2011.02.002},
  language =      {eng},
  url =           {http://dx.doi.org/10.1016/j.ajhg.2011.02.002},
}

@article{lee2012estimating,
  author =        {Lee, S Hong and DeCandia, Teresa R and Ripke, Stephan and
                   Yang, Jian and Sullivan, Patrick F and
                   Goddard, Michael E and Keller, Matthew C and
                   Visscher, Peter M and Wray, Naomi R and others},
  journal =       {Nature Genetics},
  number =        {3},
  pages =         {247--250},
  publisher =     {Nature Publishing Group},
  title =         {Estimating the proportion of variation in
                   susceptibility to schizophrenia captured by common
                   SNPs},
  volume =        {44},
  year =          {2012},
}

@article{ralph2012geography,
  author =        {Ralph, P. and Coop, G.},
  journal =       {PLoS Biology},
  number =        {5},
  pages =         {e1001555},
  title =         {{The geography of recent genetic ancestry across
                   Europe}},
  volume =        {11},
  year =          {2013},
}

@article{lawson2012inference,
  author =        {Lawson, Daniel John and Hellenthal, Garrett and
                   Myers, Simon and Falush, Daniel},
  journal =       {PLOS Genetics},
  number =        {1},
  pages =         {e1002453},
  publisher =     {Public Library of Science},
  title =         {Inference of population structure using dense
                   haplotype data},
  volume =        {8},
  year =          {2012},
}

@article{Ritchie2011,
  author =        {Matthew E Ritchie and Ruijie Liu and
                   Benilton S Carvalho and Australia and
                   {New Zealand Multiple Sclerosis Genetics Consortium} and
                   Rafael A Irizarry},
  institution =   {Bioinformatics Division, The Walter and Eliza Hall
                   Institute of Medical Research, 1G Royal Parade,
                   Parkville, Victoria 3052, Australia.
                   mritchie@wehi.edu.au},
  journal =       {BMC Bioinformatics},
  pages =         {68},
  title =         {Comparing genotyping algorithms for Illumina's
                   Infinium whole-genome SNP BeadChips.},
  volume =        {12},
  year =          {2011},
  doi =           {10.1186/1471-2105-12-68},
  language =      {eng},
  url =           {http://dx.doi.org/10.1186/1471-2105-12-68},
}

@article{Consortium2010,
  author =        {{The 1000 Genomes Project Consortium}},
  journal =       {Nature},
  month =         {Oct},
  number =        {7319},
  pages =         {1061--1073},
  title =         {A map of human genome variation from population-scale
                   sequencing.},
  volume =        {467},
  year =          {2010},
  doi =           {10.1038/nature09534},
  language =      {eng},
  url =           {http://dx.doi.org/10.1038/nature09534},
}

@article{1000G_phase1,
  author =        {{The 1000 Genomes Project Consortium}},
  journal =       {Nature},
  pages =         {1},
  title =         {An integrated map of genetic variation from 1,092
                   human genomes},
  volume =        {491},
  year =          {2012},
}

@article{lunter2011stampy,
  author =        {Lunter, G. and Goodson, M.},
  journal =       {Genome Research},
  number =        {6},
  pages =         {936},
  publisher =     {Cold Spring Harbor Lab},
  title =         {Stampy: A statistical algorithm for sensitive and
                   fast mapping of Illumina sequence reads},
  volume =        {21},
  year =          {2011},
}

@article{li2011improving,
  author =        {Li, H.},
  journal =       {Bioinformatics},
  number =        {8},
  pages =         {1157},
  publisher =     {Oxford Univ Press},
  title =         {Improving SNP discovery by base alignment quality},
  volume =        {27},
  year =          {2011},
}

@article{oconnell2012,
  author =        {O'Connell, Jared and Marchini, Jonathan},
  journal =       {Genetic Epidemiology},
  number =        {6},
  pages =         {527--537},
  publisher =     {Wiley Online Library},
  title =         {Joint genotype calling with array and sequence data},
  volume =        {36},
  year =          {2012},
}

@article{Steemers2006,
  author =        {Frank J Steemers and Weihua Chang and Grace Lee and
                   David L Barker and Richard Shen and
                   Kevin L Gunderson},
  institution =   {Illumina, Inc., 9885 Towne Centre Drive, San Diego,
                   California 92121, USA.},
  journal =       {Nature Methods},
  month =         {Jan},
  number =        {1},
  pages =         {31--33},
  title =         {Whole-genome genotyping with the single-base
                   extension assay.},
  volume =        {3},
  year =          {2006},
  doi =           {10.1038/nmeth842},
  language =      {eng},
  url =           {http://dx.doi.org/10.1038/nmeth842},
}

@misc{kermani2006artificial,
  author =        {Kermani, Bahram Ghaffarzadeh},
  month =         apr # {~25},
  note =          {US Patent 7,035,740},
  publisher =     {Google Patents},
  title =         {Artificial intelligence and global normalization
                   methods for genotyping},
  year =          {2006},
}

@article{peel2000robust,
  author =        {Peel, D. and McLachlan, GJ},
  journal =       {Statistics and Computing},
  number =        {4},
  pages =         {339--348},
  publisher =     {Springer},
  title =         {{Robust mixture modelling using the t-distribution}},
  volume =        {10},
  year =          {2000},
  issn =          {0960-3174},
}

@misc{gentrain2,
  author =        {Illumina},
  note =
  {\url{http://res.illumina.com/documents/products/technotes/technote_gentrain2.pdf}},
  title =         {Improved Cluster Generation with Gentrain2},
  year =          {2010},
}

@article{Teo2007,
  author =        {Yik Y Teo and Michael Inouye and Kerrin S Small and
                   Rhian Gwilliam and Panagiotis Deloukas and
                   Dominic P Kwiatkowski and Taane G Clark},
  institution =   {Wellcome Trust Centre for Human Genetics, University
                   of Oxford, Roosevelt Drive, Oxford OX3 7BN, UK.
                   teo@well.ox.ac.uk},
  journal =       {Bioinformatics},
  month =         {Oct},
  number =        {20},
  pages =         {2741--2746},
  title =         {A genotype calling algorithm for the Illumina
                   BeadArray platform.},
  volume =        {23},
  year =          {2007},
  doi =           {10.1093/bioinformatics/btm443},
  language =      {eng},
  url =           {http://dx.doi.org/10.1093/bioinformatics/btm443},
}

@article{Giannoulatou2008,
  author =        {Eleni Giannoulatou and Christopher Yau and
                   Stefano Colella and Jiannis Ragoussis and
                   Christopher C Holmes},
  institution =   {Department of Statistics, University of Oxford, 1
                   South Parks Road, Oxford OX13TG, UK.},
  journal =       {Bioinformatics},
  month =         {Oct},
  number =        {19},
  pages =         {2209--2214},
  title =         {GenoSNP: a variational Bayes within-sample SNP
                   genotyping algorithm that does not require a
                   reference population.},
  volume =        {24},
  year =          {2008},
  doi =           {10.1093/bioinformatics/btn386},
  language =      {eng},
  url =           {http://dx.doi.org/10.1093/bioinformatics/btn386},
}

@article{archambeau2007robust,
  author =        {Archambeau, C. and Verleysen, M.},
  journal =       {Neural Networks},
  number =        {1},
  pages =         {129--138},
  publisher =     {Elsevier},
  title =         {{Robust Bayesian clustering}},
  volume =        {20},
  year =          {2007},
  issn =          {0893-6080},
}

@article{nielsen2011genotype,
  author =        {Nielsen, R. and Paul, J.S. and Albrechtsen, A. and
                   Song, Y.S.},
  journal =       {Nature Reviews Genetics},
  number =        {6},
  pages =         {443--451},
  publisher =     {Nature Publishing Group},
  title =         {Genotype and SNP calling from next-generation
                   sequencing data},
  volume =        {12},
  year =          {2011},
}

@article{wang2013integrative,
  author =        {Wang, Yi and Lu, James and Yu, Jin and
                   Gibbs, Richard A and Yu, Fuli},
  journal =       {Genome Research},
  number =        {5},
  pages =         {833--842},
  publisher =     {Cold Spring Harbor Lab},
  title =         {An integrative variant analysis pipeline for accurate
                   genotype/haplotype inference in population NGS data},
  volume =        {23},
  year =          {2013},
}

@article{McKenna2010,
  author =        {Aaron McKenna and Matthew Hanna and Eric Banks and
                   Andrey Sivachenko and Kristian Cibulskis and
                   Andrew Kernytsky and Kiran Garimella and
                   David Altshuler and Stacey Gabriel and Mark Daly and
                   Mark A DePristo},
  institution =   {Program in Medical and Population Genetics, The Broad
                   Institute of Harvard and MIT, Cambridge,
                   Massachusetts 02142, USA.},
  journal =       {Genome Research},
  month =         {Sep},
  number =        {9},
  pages =         {1297--1303},
  title =         {The Genome Analysis Toolkit: a MapReduce framework
                   for analyzing next-generation DNA sequencing data.},
  volume =        {20},
  year =          {2010},
  doi =           {10.1101/gr.107524.110},
  language =      {eng},
  url =           {http://dx.doi.org/10.1101/gr.107524.110},
}

@article{consortium2007,
  author =        {{The Wellcome Trust Case Control Consortium}},
  journal =       {Nature},
  month =         {Jun},
  number =        {7145},
  pages =         {661--678},
  title =         {Genome-wide association study of 14,000 cases of
                   seven common diseases and 3,000 shared controls.},
  volume =        {447},
  year =          {2007},
  doi =           {10.1038/nature05911},
  language =      {eng},
  url =           {http://dx.doi.org/10.1038/nature05911},
}

@article{cardin2011bayesian,
  author =        {Cardin, N. and Holmes, C. and Donnelly, P. and
                   Marchini, J.},
  journal =       {Genetic Epidemiology},
  publisher =     {Wiley Online Library},
  title =         {Bayesian hierarchical mixture modeling to assign copy
                   number from a targeted CNV array},
  year =          {2011},
}

@article{craddock2010genome,
  author =        {{The Wellcome Trust Case Control Consortium}},
  journal =       {Nature},
  number =        {7289},
  pages =         {713--720},
  publisher =     {Nature Publishing Group},
  title =         {Genome-wide association study of CNVs in 16,000 cases
                   of eight common diseases and 3,000 shared controls},
  volume =        {464},
  year =          {2010},
}

@book{gelman2004bayesian,
  author =        {Gelman, A.},
  publisher =     {CRC press},
  title =         {Bayesian Data Analysis},
  year =          {2004},
}

@book{brent2002algorithms,
  author =        {Brent, R.P.},
  publisher =     {Dover Publications},
  title =         {Algorithms for minimization without derivatives},
  year =          {2002},
}

@article{nelder1965downhill,
  author =        {Nelder, J.A. and Mead, R.},
  journal =       {Computer Journal},
  number =        {308-313},
  pages =         {2--3},
  title =         {The downhill simplex method},
  volume =        {7},
  year =          {1965},
}

@article{voight2005confounding,
  author =        {Voight, Benjamin F and Pritchard, Jonathan K},
  journal =       {PLOS Genetics},
  number =        {3},
  pages =         {e32},
  publisher =     {Public Library of Science},
  title =         {Confounding from cryptic relatedness in case-control
                   association studies},
  volume =        {1},
  year =          {2005},
}

@article{stephens2001new,
  author =        {Stephens, Matthew and Smith, Nicholas J and
                   Donnelly, Peter},
  journal =       {The American Journal of Human Genetics},
  number =        {4},
  pages =         {978--989},
  publisher =     {Elsevier},
  title =         {A new statistical method for haplotype reconstruction
                   from population data},
  volume =        {68},
  year =          {2001},
}

@article{delaneau2013,
  author =        {Delaneau, Olivier and Zagury, Jean-Francois and
                   Marchini, Jonathan},
  journal =       {Nature Methods},
  number =        {1},
  pages =         {5--6},
  publisher =     {Nature Publishing Group},
  title =         {Improved whole-chromosome phasing for disease and
                   population genetic studies},
  volume =        {10},
  year =          {2013},
}

@article{marchini2006comparison,
  author =        {Marchini, Jonathan and Cutler, David and
                   Patterson, Nick and Stephens, Matthew and
                   Eskin, Eleazar and Halperin, Eran and Lin, Shin and
                   Qin, Zhaohui S and Munro, Heather M and
                   Abecasis, Gon{\c{c}}alo R and others},
  journal =       {The American Journal of Human Genetics},
  number =        {3},
  pages =         {437--450},
  publisher =     {Elsevier},
  title =         {A comparison of phasing algorithms for trios and
                   unrelated individuals},
  volume =        {78},
  year =          {2006},
}

@article{browning2009unified,
  author =        {Browning, Brian L and Browning, Sharon R},
  journal =       {The American Journal of Human Genetics},
  number =        {2},
  pages =         {210--223},
  publisher =     {Elsevier},
  title =         {A unified approach to genotype imputation and
                   haplotype-phase inference for large data sets of
                   trios and unrelated individuals},
  volume =        {84},
  year =          {2009},
}

@article{delaneau2011linear,
  author =        {Delaneau, O. and Marchini, J. and Zagury, J.F.},
  journal =       {Nature Methods},
  number =        {2},
  pages =         {179--181},
  publisher =     {Nature Publishing Group},
  title =         {A linear complexity phasing method for thousands of
                   genomes},
  volume =        {9},
  year =          {2011},
}

@article{williams2012phasing,
  author =        {Williams, A.L. and Patterson, N. and Glessner, J. and
                   Hakonarson, H. and Reich, D.},
  journal =       {The American Journal of Human Genetics},
  number =        {2},
  pages =         {238--251},
  publisher =     {Elsevier},
  title =         {Phasing of Many Thousands of Genotyped Samples},
  volume =        {91},
  year =          {2012},
}

@article{lange2013mendel,
  author =        {Lange, Kenneth and Papp, Jeanette C and
                   Sinsheimer, Janet S and Sripracha, Ram and Zhou, Hua and
                   Sobel, Eric M},
  journal =       {Bioinformatics},
  number =        {12},
  pages =         {1568--1570},
  publisher =     {Oxford Univ Press},
  title =         {Mendel: the Swiss army knife of genetic analysis
                   programs},
  volume =        {29},
  year =          {2013},
}

@article{sobel1996descent,
  author =        {Sobel, Eric and Lange, Kenneth},
  journal =       {The American Journal of Human Genetics},
  number =        {6},
  pages =         {1323-1337},
  publisher =     {Elsevier},
  title =         {Descent graphs in pedigree analysis: applications to
                   haplotyping, location scores, and marker-sharing
                   statistics.},
  volume =        {58},
  year =          {1996},
}

@article{abecasis2002merlin,
  author =        {Abecasis, G.R. and Cherny, S.S. and Cookson, W.O. and
                   Cardon, L.R. and others},
  journal =       {Nature Genetics},
  number =        {1},
  pages =         {97--101},
  title =         {Merlin-rapid analysis of dense genetic maps using
                   sparse gene flow trees},
  volume =        {30},
  year =          {2002},
}

@article{gudbjartsson2000allegro,
  author =        {Gudbjartsson, D.F. and Jonasson, K. and Frigge, M.L. and
                   Kong, A.},
  journal =       {Nature Genetics},
  number =        {1},
  pages =         {12},
  title =         {Allegro, a new computer program for multipoint
                   linkage analysis.},
  volume =        {25},
  year =          {2000},
}

@article{howie2012fast,
  author =        {Howie, B. and Fuchsberger, C. and Stephens, M. and
                   Marchini, J. and Abecasis, G.R.},
  journal =       {Nature Genetics},
  number =        {8},
  pages =         {955--959},
  publisher =     {Nature Publishing Group},
  title =         {Fast and accurate genotype imputation in genome-wide
                   association studies through pre-phasing},
  volume =        {44},
  year =          {2012},
}

@article{kong2008detection,
  author =        {Kong, Augustine and Masson, Gisli and
                   Frigge, Michael L and Gylfason, Arnaldur and
                   Zusmanovich, Pasha and Thorleifsson, Gudmar and
                   Olason, Pall I and Ingason, Andres and
                   Steinberg, Stacy and Rafnar, Thorunn and others},
  journal =       {Nature Genetics},
  number =        {9},
  pages =         {1068--1075},
  publisher =     {Nature Publishing Group},
  title =         {Detection of sharing by descent, long-range phasing
                   and haplotype imputation},
  volume =        {40},
  year =          {2008},
}

@article{InternationalHapMapConsortium:2005cu,
  author =        {{The International HapMap Consortium}},
  journal =       {Nature},
  number =        {7063},
  pages =         {1299--1320},
  title =         {A haplotype map of the human genome},
  volume =        {437},
  year =          {2005},
}

@article{marchini2010genotype,
  author =        {Marchini, Jonathan and Howie, Bryan},
  journal =       {Nature Reviews Genetics},
  number =        {7},
  pages =         {499--511},
  publisher =     {Nature Publishing Group},
  title =         {Genotype imputation for genome-wide association
                   studies},
  volume =        {11},
  year =          {2010},
}

@article{kong2002,
  author =        {Kong, Augustine and Gudbjartsson, Daniel F and
                   Sainz, Jesus and Jonsdottir, Gudrun M and
                   Gudjonsson, Sigurjon A and Richardsson, Bjorgvin and
                   Sigurdardottir, Sigrun and Barnard, John and
                   Hallbeck, Bjorn and Masson, Gisli and others},
  journal =       {Nature Genetics},
  number =        {3},
  pages =         {241--247},
  publisher =     {Nature Publishing Group},
  title =         {A high-resolution recombination map of the human
                   genome},
  volume =        {31},
  year =          {2002},
  url =           {http://www.nature.com/ng/journal/v31/n3/abs/ng917.html},
}

@article{coop2008high,
  author =        {Coop, Graham and Wen, Xiaoquan and Ober, Carole and
                   Pritchard, Jonathan K and Przeworski, Molly},
  journal =       {Science},
  number =        {5868},
  pages =         {1395--1398},
  publisher =     {American Association for the Advancement of Science},
  title =         {High-resolution mapping of crossovers reveals
                   extensive variation in fine-scale recombination
                   patterns among humans},
  volume =        {319},
  year =          {2008},
}

@article{kong2010fine,
  author =        {Kong, Augustine and Thorleifsson, Gudmar and
                   Gudbjartsson, Daniel F and Masson, Gisli and
                   Sigurdsson, Asgeir and Jonasdottir, Aslaug and
                   Walters, G Bragi and Jonasdottir, Adalbjorg and
                   Gylfason, Arnaldur and Kristinsson, Kari Th and
                   others},
  journal =       {Nature},
  number =        {7319},
  pages =         {1099--1103},
  publisher =     {Nature Publishing Group},
  title =         {Fine-scale recombination rate differences between
                   sexes, populations and individuals},
  volume =        {467},
  year =          {2010},
}

@article{rabiner1989tutorial,
  author =        {Rabiner, Lawrence R},
  journal =       {Proceedings of the IEEE},
  number =        {2},
  pages =         {257--286},
  publisher =     {IEEE},
  title =         {A tutorial on hidden Markov models and selected
                   applications in speech recognition},
  volume =        {77},
  year =          {1989},
}

@article{Lin:2002hh,
  author =        {Lin, Shin and Cutler, David J and Zwick, Michael E and
                   Chakravarti, Aravinda},
  journal =       {The American Journal of Human Genetics},
  month =         nov,
  number =        {5},
  pages =         {1129--1137},
  title =         {{Haplotype inference in random population samples.}},
  volume =        {71},
  year =          {2002},
}

@article{stephens2003comparison,
  author =        {Stephens, M. and Donnelly, P.},
  journal =       {The American Journal of Human Genetics},
  number =        {5},
  pages =         {1162--1169},
  publisher =     {Elsevier},
  title =         {A comparison of bayesian methods for haplotype
                   reconstruction from population genotype data},
  volume =        {73},
  year =          {2003},
}

@article{li2003model,
  author =        {Li, Na and Stephens, Matthew},
  journal =       {Genetics},
  number =        {4},
  pages =         {2213--2233},
  publisher =     {Genetics Soc America},
  title =         {Modeling linkage disequilibrium and identifying
                   recombination hotspots using single-nucleotide
                   polymorphism data},
  volume =        {165},
  year =          {2003},
}

@article{marchini2007new,
  author =        {Marchini, J. and Howie, B. and Myers, S. and
                   McVean, G. and Donnelly, P.},
  journal =       {Nature Genetics},
  number =        {7},
  pages =         {906--913},
  publisher =     {Nature Publishing Group},
  title =         {A new multipoint method for genome-wide association
                   studies by imputation of genotypes},
  volume =        {39},
  year =          {2007},
}

@article{howie2009flexible,
  author =        {Howie, B.N. and Donnelly, P. and Marchini, J.},
  journal =       {PLOS Genetics},
  number =        {6},
  pages =         {e1000529},
  publisher =     {Public Library of Science},
  title =         {A flexible and accurate genotype imputation method
                   for the next generation of genome-wide association
                   studies},
  volume =        {5},
  year =          {2009},
}

@article{li2010mach,
  author =        {Li, Y. and Willer, C.J. and Ding, J. and Scheet, P. and
                   Abecasis, G.R.},
  journal =       {Genetic Epidemiology},
  number =        {8},
  pages =         {816--834},
  publisher =     {Wiley Online Library},
  title =         {MaCH: using sequence and genotype data to estimate
                   haplotypes and unobserved genotypes},
  volume =        {34},
  year =          {2010},
}

@article{scheet2006fast,
  author =        {Scheet, P. and Stephens, M.},
  journal =       {The American Journal of Human Genetics},
  number =        {4},
  pages =         {629--644},
  publisher =     {Elsevier},
  title =         {A fast and flexible statistical model for large-scale
                   population genotype data: applications to inferring
                   missing genotypes and haplotypic phase},
  volume =        {78},
  year =          {2006},
}

@article{browning2007,
  author =        {Sharon R Browning and Brian L Browning},
  institution =   {Department of Statistics, The University of Auckland,
                   Auckland, New Zealand. s.browning@auckland.ac.nz},
  journal =       {The American Journal of Human Genetics},
  month =         {Nov},
  number =        {5},
  pages =         {1084--1097},
  title =         {Rapid and accurate haplotype phasing and missing-data
                   inference for whole-genome association studies by use
                   of localized haplotype clustering.},
  volume =        {81},
  year =          {2007},
  doi =           {10.1086/521987},
  language =      {eng},
  url =           {http://dx.doi.org/10.1086/521987},
}

@article{lander1987,
  author =        {Lander, E. S. and Green, P.},
  journal =       {Proceedings of the National Academy of Sciences},
  month =         {Apr},
  number =        {8},
  pages =         {2363--2367},
  title =         {Construction of multilocus genetic linkage maps in
                   humans.},
  volume =        {84},
  year =          {1987},
  language =      {eng},
}

@article{browning2012identity,
  author =        {Browning, Sharon R and Browning, Brian L},
  journal =       {Annual Review of Genetics},
  pages =         {617--633},
  publisher =     {Annual Reviews},
  title =         {Identity by descent between distant relatives:
                   detection and applications},
  volume =        {46},
  year =          {2012},
}

@article{palin2011identity,
  author =        {Palin, K. and Campbell, H. and Wright, A.F. and
                   Wilson, J.F. and Durbin, R.},
  journal =       {Genetic Epidemiology},
  publisher =     {Wiley Online Library},
  title =         {Identity-by-descent-based phasing and imputation in
                   founder populations using graphical models},
  year =          {2011},
}

@article{williams2010rapid,
  author =        {Williams, Amy L and Housman, David E and
                   Rinard, Martin C and Gifford, David K},
  journal =       {Genome Biology},
  number =        {10},
  pages =         {R108},
  publisher =     {BioMed Central Ltd},
  title =         {Rapid haplotype inference for nuclear families},
  volume =        {11},
  year =          {2010},
}

@article{mcquillan2008runs,
  author =        {McQuillan, R. and Leutenegger, A.L. and
                   Abdel-Rahman, R. and Franklin, C.S. and Pericic, M. and
                   Barac-Lauc, L. and Smolej-Narancic, N. and
                   Janicijevic, B. and Polasek, O. and Tenesa, A. and
                   others},
  journal =       {The American Journal of Human Genetics},
  number =        {3},
  pages =         {359--372},
  publisher =     {Elsevier},
  title =         {Runs of homozygosity in European populations},
  volume =        {83},
  year =          {2008},
}

@article{zemunik2009genome,
  author =        {Zemunik, T. and Boban, M. and Lauc, G. and
                   Jankovi{\'c}, S. and Rotim, K. and Vatavuk, Z. and
                   Ben{\v{c}}i{\'c}, G. and {\DH}oga{\v{s}}, Z. and
                   Boraska, V. and Torlak, V. and others},
  journal =       {Croatian Medical Journal},
  number =        {1},
  pages =         {23--33},
  publisher =     {Medicinska naklada},
  title =         {Genome-wide Association Study of Biochemical Traits
                   in Kor{\v{c}}ula Island, Croatia},
  volume =        {50},
  year =          {2009},
}

@article{traglia2009heritability,
  author =        {Traglia, M. and Sala, C. and Masciullo, C. and
                   Cverhova, V. and Lori, F. and Pistis, G. and
                   Bione, S. and Gasparini, P. and Ulivi, S. and
                   Ciullo, M. and others},
  journal =       {PLoS One},
  number =        {10},
  pages =         {e7554},
  publisher =     {Public Library of Science},
  title =         {Heritability and demographic analyses in the large
                   isolated population of {V}al {B}orbera suggest
                   advantages in mapping complex traits genes},
  volume =        {4},
  year =          {2009},
}

@article{esko2012genetic,
  author =        {Esko, T. and Mezzavilla, M. and Nelis, M. and
                   Borel, C. and Debniak, T. and Jakkula, E. and
                   Julia, A. and Karachanak, S. and Khrunin, A. and
                   Kisfali, P. and others},
  journal =       {European Journal of Human Genetics},
  number =        {6},
  pages =         {659--665},
  publisher =     {Nature Publishing Group},
  title =         {Genetic characterization of northeastern Italian
                   population isolates in the context of broader
                   European genetic diversity},
  volume =        {21},
  year =          {2012},
}

@article{rudan200910,
  author =        {Rudan, I. and Maru{\v{s}}i{\'c}, A. and
                   Jankovi{\'c}, S. and Rotim, K. and Boban, M. and
                   Lauc, G. and Grkovi{\'c}, I. and {\DH}oga{\v{s}}, Z. and
                   Zemunik, T. and Vatavuk, Z. and others},
  journal =       {Croatian Medical Journal},
  number =        {1},
  pages =         {4-6},
  publisher =     {Medicinska naklada},
  title =         {{``10,001 Dalmatians:" Croatia launches its national
                   biobank}},
  volume =        {50},
  year =          {2009},
}

@article{wigginton2005pedstats,
  author =        {Wigginton, Janis E and Abecasis, Gon{\c{c}}alo R},
  journal =       {Bioinformatics},
  number =        {16},
  pages =         {3445--3447},
  publisher =     {Oxford Univ Press},
  title =         {PEDSTATS: descriptive statistics, graphics and
                   quality assessment for gene mapping data},
  volume =        {21},
  year =          {2005},
}

@article{hinch2011landscape,
  author =        {Hinch, Anjali G and Tandon, Arti and Patterson, Nick and
                   Song, Yunli and Rohland, Nadin and Palmer, Cameron D and
                   Chen, Gary K and Wang, Kai and Buxbaum, Sarah G and
                   Akylbekova, Ermeg L and others},
  journal =       {Nature},
  number =        {7359},
  pages =         {170--175},
  publisher =     {Nature Publishing Group},
  title =         {The landscape of recombination in {A}frican
                   {A}mericans},
  volume =        {476},
  year =          {2011},
}

@article{hayes2009increased,
  author =        {Hayes, B.J. and Visscher, PM and Goddard, ME},
  journal =       {Genetical Research},
  number =        {1},
  pages =         {47-60},
  publisher =     {Cambridge Univ Press},
  title =         {Increased accuracy of artificial selection by using
                   the realized relationship matrix},
  volume =        {91},
  year =          {2009},
}

@article{matise2007second,
  author =        {Matise, Tara C and Chen, Fang and Chen, Wenwei and
                   Francisco, M and Hansen, Mark and He, Chunsheng and
                   Hyland, Fiona CL and Kennedy, Giulia C and
                   Kong, Xiangyang and Murray, Sarah S and others},
  journal =       {Genome Research},
  number =        {12},
  pages =         {1783--1786},
  publisher =     {Cold Spring Harbor Lab},
  title =         {A second-generation combined linkage--physical map of
                   the human genome},
  volume =        {17},
  year =          {2007},
}

@article{lloyd1982least,
  author =        {Lloyd, Stuart},
  journal =       {Information Theory, IEEE Transactions on},
  number =        {2},
  pages =         {129--137},
  publisher =     {IEEE},
  title =         {Least squares quantization in PCM},
  volume =        {28},
  year =          {1982},
}

@inproceedings{arthur2007k,
  author =        {Arthur, David and Vassilvitskii, Sergei},
  booktitle =     {Proceedings of the eighteenth annual ACM-SIAM
                   symposium on Discrete algorithms},
  organization =  {Society for Industrial and Applied Mathematics},
  pages =         {1027--1035},
  title =         {k-means++: The advantages of careful seeding},
  year =          {2007},
}

@article{hapmap2,
  author =        {{The International HapMap Consortium}},
  journal =       {Nature},
  number =        {7164},
  pages =         {851--861},
  publisher =     {Nature Publishing Group},
  title =         {A second generation human haplotype map of over 3.1
                   million SNPs},
  volume =        {449},
  year =          {2007},
}

@article{chen2009fast,
  author =        {Chen, Gary K and Marjoram, Paul and Wall, Jeffrey D},
  journal =       {Genome Research},
  number =        {1},
  pages =         {136--142},
  publisher =     {Cold Spring Harbor Lab},
  title =         {Fast and flexible simulation of DNA sequence data},
  volume =        {19},
  year =          {2009},
}

@article{schaffner2005calibrating,
  author =        {Schaffner, Stephen F and Foo, Catherine and
                   Gabriel, Stacey and Reich, David and Daly, Mark J and
                   Altshuler, David},
  journal =       {Genome Research},
  number =        {11},
  pages =         {1576--1583},
  publisher =     {Cold Spring Harbor Lab},
  title =         {Calibrating a coalescent simulation of human genome
                   sequence variation},
  volume =        {15},
  year =          {2005},
}

@inproceedings{mccallum2000efficient,
  author =        {McCallum, Andrew and Nigam, Kamal and Ungar, Lyle H},
  booktitle =     {Proceedings of the sixth ACM SIGKDD international
                   conference on Knowledge discovery and data mining},
  organization =  {ACM},
  pages =         {169--178},
  title =         {Efficient clustering of high-dimensional data sets
                   with application to reference matching},
  year =          {2000},
}

@article{fu1995statistical,
  author =        {Fu, Y.X.},
  journal =       {Theoretical Population Biology},
  number =        {2},
  pages =         {172--197},
  publisher =     {Elsevier},
  title =         {Statistical properties of segregating sites},
  volume =        {48},
  year =          {1995},
}

